<?xml version="1.0" encoding="UTF-8"?><record xmlns="http://www.loc.gov/MARC21/slim" xmlns:cinclude="http://apache.org/cocoon/include/1.0" xmlns:zs="http://www.loc.gov/zing/srw/">
  <leader>00720cz  a2200217n  4500</leader>
  <controlfield tag="001">n  86729692 </controlfield>
  <controlfield tag="003">DLC</controlfield>
  <controlfield tag="005">19960613160015.0</controlfield>
  <controlfield tag="008">880302n| acabaaaa|          |a ana |||  </controlfield>
  <datafield tag="010" ind1=" " ind2=" ">
    <subfield code="a">n  86729692 </subfield>
  </datafield>
  <datafield tag="040" ind1=" " ind2=" ">
    <subfield code="a">DLC</subfield>
    <subfield code="c">DLC</subfield>
    <subfield code="d">DLC</subfield>
  </datafield>
  <datafield tag="130" ind1=" " ind2="0">
    <subfield code="a">Coleção Teologia e libertação.</subfield>
    <subfield code="n">Série II,</subfield>
    <subfield code="p">Deus que liberta seu povo</subfield>
  </datafield>
  <datafield tag="430" ind1=" " ind2="0">
    <subfield code="a">Teologia e libertação.</subfield>
    <subfield code="n">Serie II,</subfield>
    <subfield code="p">Deus que liberta seu povo</subfield>
  </datafield>
  <datafield tag="430" ind1=" " ind2="0">
    <subfield code="a">Deus que liberta seu povo</subfield>
  </datafield>
  <datafield tag="640" ind1="1" ind2=" ">
    <subfield code="a">Main series part of a set of 50 v.</subfield>
    <subfield code="z">Série IV, t. 5, cover</subfield>
  </datafield>
  <datafield tag="642" ind1=" " ind2=" ">
    <subfield code="a">t. 4</subfield>
    <subfield code="5">DLC</subfield>
  </datafield>
  <datafield tag="643" ind1=" " ind2=" ">
    <subfield code="a">Petrópolis, Brazil</subfield>
    <subfield code="b">Vozes</subfield>
  </datafield>
  <datafield tag="644" ind1=" " ind2=" ">
    <subfield code="a">f</subfield>
    <subfield code="5">DLC</subfield>
  </datafield>
  <datafield tag="645" ind1=" " ind2=" ">
    <subfield code="a">t</subfield>
    <subfield code="5">DLC</subfield>
  </datafield>
  <datafield tag="646" ind1=" " ind2=" ">
    <subfield code="a">s</subfield>
    <subfield code="5">DLC</subfield>
  </datafield>
  <datafield tag="670" ind1=" " ind2=" ">
    <subfield code="a">Comblin, J. O Espírito Santo e a libertação, 1987:</subfield>
    <subfield code="b">t.p.</subfield>
  </datafield>
</record>